{"Dataset":[{"Marketing cost": 88.00, "Operational cost": 88.00, "Sales": 9237.00, "Week": "2014-10-08T00:00:00"}, {"Marketing cost": 16.64, "Operational cost": 88.00, "Sales": 4795.87, "Week": "2014-10-15T00:00:00"}, {"Marketing cost": 85.78, "Operational cost": 88.00, "Sales": 3061.73, "Week": "2014-10-22T00:00:00"}, {"Marketing cost": 47.61, "Operational cost": 88.00, "Sales": 591.76, "Week": "2014-10-29T00:00:00"}, {"Marketing cost": 43.53, "Operational cost": 88.00, "Sales": 3134.40, "Week": "2014-11-05T00:00:00"}, {"Marketing cost": 45.59, "Operational cost": 88.00, "Sales": 905.27, "Week": "2014-11-12T00:00:00"}, {"Marketing cost": 43.57, "Operational cost": 88.00, "Sales": 508.07, "Week": "2014-11-19T00:00:00"}, {"Marketing cost": 47.92, "Operational cost": 88.00, "Sales": 532.74, "Week": "2014-11-26T00:00:00"}, {"Marketing cost": 33.48, "Operational cost": 88.00, "Sales": 5001.77, "Week": "2014-12-03T00:00:00"}, {"Marketing cost": 9.80, "Operational cost": 88.00, "Sales": 7119.00, "Week": "2014-12-10T00:00:00"}, {"Marketing cost": 40.27, "Operational cost": 88.00, "Sales": 6239.27, "Week": "2014-12-17T00:00:00"}, {"Marketing cost": 29.12, "Operational cost": 88.00, "Sales": 1363.91, "Week": "2014-12-24T00:00:00"}, {"Marketing cost": 36.03, "Operational cost": 88.00, "Sales": 6912.23, "Week": "2014-12-31T00:00:00"}, {"Marketing cost": 88.00, "Operational cost": 88.00, "Sales": 9237.00, "Week": "2014-10-08T00:00:00"}, {"Marketing cost": 16.64, "Operational cost": 88.00, "Sales": 4795.87, "Week": "2014-10-15T00:00:00"}, {"Marketing cost": 85.78, "Operational cost": 88.00, "Sales": 3061.73, "Week": "2014-10-22T00:00:00"}, {"Marketing cost": 47.61, "Operational cost": 88.00, "Sales": 591.76, "Week": "2014-10-29T00:00:00"}, {"Marketing cost": 43.53, "Operational cost": 88.00, "Sales": 3134.40, "Week": "2014-11-05T00:00:00"}, {"Marketing cost": 45.59, "Operational cost": 88.00, "Sales": 905.27, "Week": "2014-11-12T00:00:00"}, {"Marketing cost": 43.57, "Operational cost": 88.00, "Sales": 508.07, "Week": "2014-11-19T00:00:00"}, {"Marketing cost": 47.92, "Operational cost": 88.00, "Sales": 532.74, "Week": "2014-11-26T00:00:00"}, {"Marketing cost": 33.48, "Operational cost": 88.00, "Sales": 5001.77, "Week": "2014-12-03T00:00:00"}, {"Marketing cost": 9.80, "Operational cost": 88.00, "Sales": 7119.00, "Week": "2014-12-10T00:00:00"}, {"Marketing cost": 40.27, "Operational cost": 88.00, "Sales": 6239.27, "Week": "2014-12-17T00:00:00"}, {"Marketing cost": 29.12, "Operational cost": 88.00, "Sales": 1363.91, "Week": "2014-12-24T00:00:00"}, {"Marketing cost": 36.03, "Operational cost": 88.00, "Sales": 6912.23, "Week": "2014-12-31T00:00:00"}, {"Marketing cost": null, "Operational cost": null, "Sales": null, "Week": "2014-08-24T00:00:00"}, {"Marketing cost": null, "Operational cost": null, "Sales": null, "Week": "2014-08-31T00:00:00"}, {"Marketing cost": null, "Operational cost": null, "Sales": null, "Week": "2014-09-07T00:00:00"}, {"Marketing cost": null, "Operational cost": null, "Sales": null, "Week": "2014-09-14T00:00:00"}, {"Marketing cost": null, "Operational cost": null, "Sales": null, "Week": "2014-09-21T00:00:00"}, {"Marketing cost": null, "Operational cost": null, "Sales": null, "Week": "2014-09-28T00:00:00"}, {"Marketing cost": null, "Operational cost": null, "Sales": null, "Week": "2014-10-05T00:00:00"}, {"Marketing cost": null, "Operational cost": null, "Sales": null, "Week": "2014-10-12T00:00:00"}, {"Marketing cost": null, "Operational cost": null, "Sales": null, "Week": "2014-10-19T00:00:00"}, {"Marketing cost": null, "Operational cost": null, "Sales": null, "Week": "2014-10-26T00:00:00"}, {"Marketing cost": null, "Operational cost": null, "Sales": null, "Week": "2014-11-02T00:00:00"}, {"Marketing cost": null, "Operational cost": null, "Sales": null, "Week": "2014-11-09T00:00:00"}, {"Marketing cost": null, "Operational cost": null, "Sales": null, "Week": "2014-11-16T00:00:00"}, {"Marketing cost": null, "Operational cost": null, "Sales": null, "Week": "2014-11-23T00:00:00"}, {"Marketing cost": null, "Operational cost": null, "Sales": null, "Week": "2014-11-30T00:00:00"}, {"Marketing cost": null, "Operational cost": null, "Sales": null, "Week": "2014-12-07T00:00:00"}, {"Marketing cost": null, "Operational cost": null, "Sales": null, "Week": "2014-12-14T00:00:00"}, {"Marketing cost": null, "Operational cost": null, "Sales": null, "Week": "2014-12-21T00:00:00"}, {"Marketing cost": null, "Operational cost": null, "Sales": null, "Week": "2014-12-28T00:00:00"}, {"Marketing cost": 88.00, "Operational cost": 88.00, "Sales": 9237.00, "Week": "2014-10-08T00:00:00"}, {"Marketing cost": 16.64, "Operational cost": 88.00, "Sales": 4795.87, "Week": "2014-10-15T00:00:00"}, {"Marketing cost": 85.78, "Operational cost": 88.00, "Sales": 3061.73, "Week": "2014-10-22T00:00:00"}, {"Marketing cost": 47.61, "Operational cost": 88.00, "Sales": 591.76, "Week": "2014-10-29T00:00:00"}, {"Marketing cost": 43.53, "Operational cost": 88.00, "Sales": 3134.40, "Week": "2014-11-05T00:00:00"}, {"Marketing cost": 45.59, "Operational cost": 88.00, "Sales": 905.27, "Week": "2014-11-12T00:00:00"}, {"Marketing cost": 43.57, "Operational cost": 88.00, "Sales": 508.07, "Week": "2014-11-19T00:00:00"}, {"Marketing cost": 47.92, "Operational cost": 88.00, "Sales": 532.74, "Week": "2014-11-26T00:00:00"}, {"Marketing cost": 33.48, "Operational cost": 88.00, "Sales": 5001.77, "Week": "2014-12-03T00:00:00"}, {"Marketing cost": 9.80, "Operational cost": 88.00, "Sales": 7119.00, "Week": "2014-12-10T00:00:00"}, {"Marketing cost": 40.27, "Operational cost": 88.00, "Sales": 6239.27, "Week": "2014-12-17T00:00:00"}, {"Marketing cost": 29.12, "Operational cost": 88.00, "Sales": 1363.91, "Week": "2014-12-24T00:00:00"}, {"Marketing cost": 36.03, "Operational cost": 88.00, "Sales": 6912.23, "Week": "2014-12-31T00:00:00"}, {"Marketing cost": null, "Operational cost": null, "Sales": null, "Week": "2014-01-05T00:00:00"}, {"Marketing cost": null, "Operational cost": null, "Sales": null, "Week": "2014-01-12T00:00:00"}, {"Marketing cost": null, "Operational cost": null, "Sales": null, "Week": "2014-01-19T00:00:00"}, {"Marketing cost": null, "Operational cost": null, "Sales": null, "Week": "2014-01-26T00:00:00"}, {"Marketing cost": null, "Operational cost": null, "Sales": null, "Week": "2014-02-02T00:00:00"}, {"Marketing cost": null, "Operational cost": null, "Sales": null, "Week": "2014-02-09T00:00:00"}, {"Marketing cost": null, "Operational cost": null, "Sales": null, "Week": "2014-02-16T00:00:00"}, {"Marketing cost": null, "Operational cost": null, "Sales": null, "Week": "2014-02-23T00:00:00"}, {"Marketing cost": null, "Operational cost": null, "Sales": null, "Week": "2014-03-02T00:00:00"}, {"Marketing cost": null, "Operational cost": null, "Sales": null, "Week": "2014-03-09T00:00:00"}, {"Marketing cost": null, "Operational cost": null, "Sales": null, "Week": "2014-03-16T00:00:00"}, {"Marketing cost": null, "Operational cost": null, "Sales": null, "Week": "2014-03-23T00:00:00"}, {"Marketing cost": null, "Operational cost": null, "Sales": null, "Week": "2014-03-30T00:00:00"}, {"Marketing cost": null, "Operational cost": null, "Sales": null, "Week": "2014-04-06T00:00:00"}, {"Marketing cost": null, "Operational cost": null, "Sales": null, "Week": "2014-04-13T00:00:00"}, {"Marketing cost": null, "Operational cost": null, "Sales": null, "Week": "2014-04-20T00:00:00"}, {"Marketing cost": null, "Operational cost": null, "Sales": null, "Week": "2014-04-27T00:00:00"}, {"Marketing cost": null, "Operational cost": null, "Sales": null, "Week": "2014-05-04T00:00:00"}, {"Marketing cost": null, "Operational cost": null, "Sales": null, "Week": "2014-05-11T00:00:00"}, {"Marketing cost": null, "Operational cost": null, "Sales": null, "Week": "2014-05-18T00:00:00"}, {"Marketing cost": null, "Operational cost": null, "Sales": null, "Week": "2014-05-25T00:00:00"}, {"Marketing cost": null, "Operational cost": null, "Sales": null, "Week": "2014-06-01T00:00:00"}, {"Marketing cost": null, "Operational cost": null, "Sales": null, "Week": "2014-06-08T00:00:00"}, {"Marketing cost": null, "Operational cost": null, "Sales": null, "Week": "2014-06-15T00:00:00"}, {"Marketing cost": null, "Operational cost": null, "Sales": null, "Week": "2014-06-22T00:00:00"}, {"Marketing cost": null, "Operational cost": null, "Sales": null, "Week": "2014-06-29T00:00:00"}, {"Marketing cost": null, "Operational cost": null, "Sales": null, "Week": "2014-07-06T00:00:00"}, {"Marketing cost": null, "Operational cost": null, "Sales": null, "Week": "2014-07-13T00:00:00"}, {"Marketing cost": null, "Operational cost": null, "Sales": null, "Week": "2014-07-20T00:00:00"}, {"Marketing cost": null, "Operational cost": null, "Sales": null, "Week": "2014-07-27T00:00:00"}, {"Marketing cost": null, "Operational cost": null, "Sales": null, "Week": "2014-08-03T00:00:00"}, {"Marketing cost": null, "Operational cost": null, "Sales": null, "Week": "2014-08-10T00:00:00"}, {"Marketing cost": null, "Operational cost": null, "Sales": null, "Week": "2014-08-17T00:00:00"}, {"Marketing cost": null, "Operational cost": null, "Sales": null, "Week": "2014-01-05T00:00:00"}, {"Marketing cost": null, "Operational cost": null, "Sales": null, "Week": "2014-01-12T00:00:00"}, {"Marketing cost": null, "Operational cost": null, "Sales": null, "Week": "2014-01-19T00:00:00"}, {"Marketing cost": null, "Operational cost": null, "Sales": null, "Week": "2014-01-26T00:00:00"}, {"Marketing cost": null, "Operational cost": null, "Sales": null, "Week": "2014-02-02T00:00:00"}, {"Marketing cost": null, "Operational cost": null, "Sales": null, "Week": "2014-02-09T00:00:00"}, {"Marketing cost": null, "Operational cost": null, "Sales": null, "Week": "2014-02-16T00:00:00"}, {"Marketing cost": null, "Operational cost": null, "Sales": null, "Week": "2014-02-23T00:00:00"}, {"Marketing cost": null, "Operational cost": null, "Sales": null, "Week": "2014-03-02T00:00:00"}, {"Marketing cost": null, "Operational cost": null, "Sales": null, "Week": "2014-03-09T00:00:00"}, {"Marketing cost": null, "Operational cost": null, "Sales": null, "Week": "2014-03-16T00:00:00"}, {"Marketing cost": null, "Operational cost": null, "Sales": null, "Week": "2014-03-23T00:00:00"}, {"Marketing cost": null, "Operational cost": null, "Sales": null, "Week": "2014-03-30T00:00:00"}, {"Marketing cost": null, "Operational cost": null, "Sales": null, "Week": "2014-04-06T00:00:00"}, {"Marketing cost": null, "Operational cost": null, "Sales": null, "Week": "2014-04-13T00:00:00"}, {"Marketing cost": null, "Operational cost": null, "Sales": null, "Week": "2014-04-20T00:00:00"}, {"Marketing cost": null, "Operational cost": null, "Sales": null, "Week": "2014-04-27T00:00:00"}, {"Marketing cost": null, "Operational cost": null, "Sales": null, "Week": "2014-05-04T00:00:00"}, {"Marketing cost": null, "Operational cost": null, "Sales": null, "Week": "2014-05-11T00:00:00"}, {"Marketing cost": null, "Operational cost": null, "Sales": null, "Week": "2014-05-18T00:00:00"}, {"Marketing cost": null, "Operational cost": null, "Sales": null, "Week": "2014-05-25T00:00:00"}, {"Marketing cost": null, "Operational cost": null, "Sales": null, "Week": "2014-06-01T00:00:00"}, {"Marketing cost": null, "Operational cost": null, "Sales": null, "Week": "2014-06-08T00:00:00"}, {"Marketing cost": null, "Operational cost": null, "Sales": null, "Week": "2014-06-15T00:00:00"}, {"Marketing cost": null, "Operational cost": null, "Sales": null, "Week": "2014-06-22T00:00:00"}, {"Marketing cost": null, "Operational cost": null, "Sales": null, "Week": "2014-06-29T00:00:00"}, {"Marketing cost": null, "Operational cost": null, "Sales": null, "Week": "2014-07-06T00:00:00"}, {"Marketing cost": null, "Operational cost": null, "Sales": null, "Week": "2014-07-13T00:00:00"}, {"Marketing cost": null, "Operational cost": null, "Sales": null, "Week": "2014-07-20T00:00:00"}, {"Marketing cost": null, "Operational cost": null, "Sales": null, "Week": "2014-07-27T00:00:00"}, {"Marketing cost": null, "Operational cost": null, "Sales": null, "Week": "2014-08-03T00:00:00"}, {"Marketing cost": null, "Operational cost": null, "Sales": null, "Week": "2014-08-10T00:00:00"}, {"Marketing cost": null, "Operational cost": null, "Sales": null, "Week": "2014-08-17T00:00:00"}, {"Marketing cost": null, "Operational cost": null, "Sales": null, "Week": "2014-08-24T00:00:00"}, {"Marketing cost": null, "Operational cost": null, "Sales": null, "Week": "2014-08-31T00:00:00"}, {"Marketing cost": null, "Operational cost": null, "Sales": null, "Week": "2014-09-07T00:00:00"}, {"Marketing cost": null, "Operational cost": null, "Sales": null, "Week": "2014-09-14T00:00:00"}, {"Marketing cost": null, "Operational cost": null, "Sales": null, "Week": "2014-09-21T00:00:00"}, {"Marketing cost": null, "Operational cost": null, "Sales": null, "Week": "2014-09-28T00:00:00"}, {"Marketing cost": null, "Operational cost": null, "Sales": null, "Week": "2014-10-05T00:00:00"}, {"Marketing cost": null, "Operational cost": null, "Sales": null, "Week": "2014-10-12T00:00:00"}, {"Marketing cost": null, "Operational cost": null, "Sales": null, "Week": "2014-10-19T00:00:00"}, {"Marketing cost": null, "Operational cost": null, "Sales": null, "Week": "2014-10-26T00:00:00"}, {"Marketing cost": null, "Operational cost": null, "Sales": null, "Week": "2014-11-02T00:00:00"}, {"Marketing cost": null, "Operational cost": null, "Sales": null, "Week": "2014-11-09T00:00:00"}, {"Marketing cost": null, "Operational cost": null, "Sales": null, "Week": "2014-11-16T00:00:00"}, {"Marketing cost": null, "Operational cost": null, "Sales": null, "Week": "2014-11-23T00:00:00"}, {"Marketing cost": null, "Operational cost": null, "Sales": null, "Week": "2014-11-30T00:00:00"}, {"Marketing cost": null, "Operational cost": null, "Sales": null, "Week": "2014-12-07T00:00:00"}, {"Marketing cost": null, "Operational cost": null, "Sales": null, "Week": "2014-12-14T00:00:00"}, {"Marketing cost": null, "Operational cost": null, "Sales": null, "Week": "2014-12-21T00:00:00"}, {"Marketing cost": null, "Operational cost": null, "Sales": null, "Week": "2014-12-28T00:00:00"}, {"Marketing cost": 88.00, "Operational cost": 88.00, "Sales": 9237.00, "Week": "2014-10-08T00:00:00"}, {"Marketing cost": 16.64, "Operational cost": 88.00, "Sales": 4795.87, "Week": "2014-10-15T00:00:00"}, {"Marketing cost": 85.78, "Operational cost": 88.00, "Sales": 3061.73, "Week": "2014-10-22T00:00:00"}, {"Marketing cost": 47.61, "Operational cost": 88.00, "Sales": 591.76, "Week": "2014-10-29T00:00:00"}, {"Marketing cost": 43.53, "Operational cost": 88.00, "Sales": 3134.40, "Week": "2014-11-05T00:00:00"}, {"Marketing cost": 45.59, "Operational cost": 88.00, "Sales": 905.27, "Week": "2014-11-12T00:00:00"}, {"Marketing cost": 43.57, "Operational cost": 88.00, "Sales": 508.07, "Week": "2014-11-19T00:00:00"}, {"Marketing cost": 47.92, "Operational cost": 88.00, "Sales": 532.74, "Week": "2014-11-26T00:00:00"}, {"Marketing cost": 33.48, "Operational cost": 88.00, "Sales": 5001.77, "Week": "2014-12-03T00:00:00"}, {"Marketing cost": 9.80, "Operational cost": 88.00, "Sales": 7119.00, "Week": "2014-12-10T00:00:00"}, {"Marketing cost": 40.27, "Operational cost": 88.00, "Sales": 6239.27, "Week": "2014-12-17T00:00:00"}, {"Marketing cost": 29.12, "Operational cost": 88.00, "Sales": 1363.91, "Week": "2014-12-24T00:00:00"}, {"Marketing cost": 36.03, "Operational cost": 88.00, "Sales": 6912.23, "Week": "2014-12-31T00:00:00"}, {"Marketing cost": 88.00, "Operational cost": 88.00, "Sales": 9237.00, "Week": "2014-10-08T00:00:00"}, {"Marketing cost": 23.30, "Operational cost": 88.00, "Sales": 2849.26, "Week": "2014-10-15T00:00:00"}, {"Marketing cost": 9.13, "Operational cost": 88.00, "Sales": 1305.64, "Week": "2014-10-22T00:00:00"}, {"Marketing cost": 20.42, "Operational cost": 88.00, "Sales": 4224.16, "Week": "2014-10-29T00:00:00"}, {"Marketing cost": 57.76, "Operational cost": 88.00, "Sales": 3093.29, "Week": "2014-11-05T00:00:00"}, {"Marketing cost": 15.38, "Operational cost": 88.00, "Sales": 1689.83, "Week": "2014-11-12T00:00:00"}, {"Marketing cost": 64.73, "Operational cost": 88.00, "Sales": 7363.93, "Week": "2014-11-19T00:00:00"}, {"Marketing cost": 27.96, "Operational cost": 88.00, "Sales": 2071.50, "Week": "2014-11-26T00:00:00"}, {"Marketing cost": 64.32, "Operational cost": 88.00, "Sales": 4755.60, "Week": "2014-12-03T00:00:00"}, {"Marketing cost": 85.92, "Operational cost": 88.00, "Sales": 6455.72, "Week": "2014-12-10T00:00:00"}, {"Marketing cost": 5.77, "Operational cost": 88.00, "Sales": 5209.33, "Week": "2014-12-17T00:00:00"}, {"Marketing cost": 38.69, "Operational cost": 88.00, "Sales": 639.05, "Week": "2014-12-24T00:00:00"}, {"Marketing cost": 33.92, "Operational cost": 88.00, "Sales": 4405.20, "Week": "2014-12-31T00:00:00"}, {"Marketing cost": 88.00, "Operational cost": 88.00, "Sales": 9237.00, "Week": "2014-10-08T00:00:00"}, {"Marketing cost": 16.64, "Operational cost": 88.00, "Sales": 4795.87, "Week": "2014-10-15T00:00:00"}, {"Marketing cost": 85.78, "Operational cost": 88.00, "Sales": 3061.73, "Week": "2014-10-22T00:00:00"}, {"Marketing cost": 47.61, "Operational cost": 88.00, "Sales": 591.76, "Week": "2014-10-29T00:00:00"}, {"Marketing cost": 43.53, "Operational cost": 88.00, "Sales": 3134.40, "Week": "2014-11-05T00:00:00"}, {"Marketing cost": 45.59, "Operational cost": 88.00, "Sales": 905.27, "Week": "2014-11-12T00:00:00"}, {"Marketing cost": 43.57, "Operational cost": 88.00, "Sales": 508.07, "Week": "2014-11-19T00:00:00"}, {"Marketing cost": 47.92, "Operational cost": 88.00, "Sales": 532.74, "Week": "2014-11-26T00:00:00"}, {"Marketing cost": 33.48, "Operational cost": 88.00, "Sales": 5001.77, "Week": "2014-12-03T00:00:00"}, {"Marketing cost": 9.80, "Operational cost": 88.00, "Sales": 7119.00, "Week": "2014-12-10T00:00:00"}, {"Marketing cost": 40.27, "Operational cost": 88.00, "Sales": 6239.27, "Week": "2014-12-17T00:00:00"}, {"Marketing cost": 29.12, "Operational cost": 88.00, "Sales": 1363.91, "Week": "2014-12-24T00:00:00"}, {"Marketing cost": 36.03, "Operational cost": 88.00, "Sales": 6912.23, "Week": "2014-12-31T00:00:00"}, {"Marketing cost": 88.00, "Operational cost": 88.00, "Sales": 9237.00, "Week": "2014-10-08T00:00:00"}, {"Marketing cost": 23.30, "Operational cost": 88.00, "Sales": 2849.26, "Week": "2014-10-15T00:00:00"}, {"Marketing cost": 9.13, "Operational cost": 88.00, "Sales": 1305.64, "Week": "2014-10-22T00:00:00"}, {"Marketing cost": 20.42, "Operational cost": 88.00, "Sales": 4224.16, "Week": "2014-10-29T00:00:00"}, {"Marketing cost": 57.76, "Operational cost": 88.00, "Sales": 3093.29, "Week": "2014-11-05T00:00:00"}, {"Marketing cost": 15.38, "Operational cost": 88.00, "Sales": 1689.83, "Week": "2014-11-12T00:00:00"}, {"Marketing cost": 64.73, "Operational cost": 88.00, "Sales": 7363.93, "Week": "2014-11-19T00:00:00"}, {"Marketing cost": 27.96, "Operational cost": 88.00, "Sales": 2071.50, "Week": "2014-11-26T00:00:00"}, {"Marketing cost": 64.32, "Operational cost": 88.00, "Sales": 4755.60, "Week": "2014-12-03T00:00:00"}, {"Marketing cost": 85.92, "Operational cost": 88.00, "Sales": 6455.71, "Week": "2014-12-10T00:00:00"}, {"Marketing cost": 5.77, "Operational cost": 88.00, "Sales": 5209.33, "Week": "2014-12-17T00:00:00"}, {"Marketing cost": 38.69, "Operational cost": 88.00, "Sales": 639.05, "Week": "2014-12-24T00:00:00"}, {"Marketing cost": 33.92, "Operational cost": 88.00, "Sales": 4405.20, "Week": "2014-12-31T00:00:00"}, {"Marketing cost": 88.00, "Operational cost": 88.00, "Sales": 9237.00, "Week": "2014-10-08T00:00:00"}, {"Marketing cost": 23.30, "Operational cost": 88.00, "Sales": 2849.26, "Week": "2014-10-15T00:00:00"}, {"Marketing cost": 9.13, "Operational cost": 88.00, "Sales": 1305.64, "Week": "2014-10-22T00:00:00"}, {"Marketing cost": 20.42, "Operational cost": 88.00, "Sales": 4224.16, "Week": "2014-10-29T00:00:00"}, {"Marketing cost": 57.76, "Operational cost": 88.00, "Sales": 3093.29, "Week": "2014-11-05T00:00:00"}, {"Marketing cost": 15.38, "Operational cost": 88.00, "Sales": 1689.83, "Week": "2014-11-12T00:00:00"}, {"Marketing cost": 64.73, "Operational cost": 88.00, "Sales": 7363.93, "Week": "2014-11-19T00:00:00"}, {"Marketing cost": 27.96, "Operational cost": 88.00, "Sales": 2071.50, "Week": "2014-11-26T00:00:00"}, {"Marketing cost": 64.32, "Operational cost": 88.00, "Sales": 4755.60, "Week": "2014-12-03T00:00:00"}, {"Marketing cost": 85.92, "Operational cost": 88.00, "Sales": 6455.71, "Week": "2014-12-10T00:00:00"}, {"Marketing cost": 5.77, "Operational cost": 88.00, "Sales": 5209.33, "Week": "2014-12-17T00:00:00"}, {"Marketing cost": 38.69, "Operational cost": 88.00, "Sales": 639.05, "Week": "2014-12-24T00:00:00"}, {"Marketing cost": 33.92, "Operational cost": 88.00, "Sales": 4405.20, "Week": "2014-12-31T00:00:00"}, {"Marketing cost": 88.00, "Operational cost": 88.00, "Sales": 9237.00, "Week": "2014-10-08T00:00:00"}, {"Marketing cost": 23.30, "Operational cost": 88.00, "Sales": 2849.26, "Week": "2014-10-15T00:00:00"}, {"Marketing cost": 9.13, "Operational cost": 88.00, "Sales": 1305.64, "Week": "2014-10-22T00:00:00"}, {"Marketing cost": 20.42, "Operational cost": 88.00, "Sales": 4224.16, "Week": "2014-10-29T00:00:00"}, {"Marketing cost": 57.76, "Operational cost": 88.00, "Sales": 3093.29, "Week": "2014-11-05T00:00:00"}, {"Marketing cost": 15.38, "Operational cost": 88.00, "Sales": 1689.83, "Week": "2014-11-12T00:00:00"}, {"Marketing cost": 64.73, "Operational cost": 88.00, "Sales": 7363.93, "Week": "2014-11-19T00:00:00"}, {"Marketing cost": 27.96, "Operational cost": 88.00, "Sales": 2071.50, "Week": "2014-11-26T00:00:00"}, {"Marketing cost": 64.32, "Operational cost": 88.00, "Sales": 4755.60, "Week": "2014-12-03T00:00:00"}, {"Marketing cost": 85.92, "Operational cost": 88.00, "Sales": 6455.72, "Week": "2014-12-10T00:00:00"}, {"Marketing cost": 5.77, "Operational cost": 88.00, "Sales": 5209.33, "Week": "2014-12-17T00:00:00"}, {"Marketing cost": 38.69, "Operational cost": 88.00, "Sales": 639.05, "Week": "2014-12-24T00:00:00"}, {"Marketing cost": 33.92, "Operational cost": 88.00, "Sales": 4405.20, "Week": "2014-12-31T00:00:00"}, {"Marketing cost": null, "Operational cost": null, "Sales": null, "Week": "2014-01-05T00:00:00"}, {"Marketing cost": null, "Operational cost": null, "Sales": null, "Week": "2014-01-12T00:00:00"}, {"Marketing cost": null, "Operational cost": null, "Sales": null, "Week": "2014-01-19T00:00:00"}, {"Marketing cost": null, "Operational cost": null, "Sales": null, "Week": "2014-01-26T00:00:00"}, {"Marketing cost": null, "Operational cost": null, "Sales": null, "Week": "2014-02-02T00:00:00"}, {"Marketing cost": null, "Operational cost": null, "Sales": null, "Week": "2014-02-09T00:00:00"}, {"Marketing cost": null, "Operational cost": null, "Sales": null, "Week": "2014-02-16T00:00:00"}, {"Marketing cost": null, "Operational cost": null, "Sales": null, "Week": "2014-02-23T00:00:00"}, {"Marketing cost": null, "Operational cost": null, "Sales": null, "Week": "2014-03-02T00:00:00"}, {"Marketing cost": null, "Operational cost": null, "Sales": null, "Week": "2014-03-09T00:00:00"}, {"Marketing cost": null, "Operational cost": null, "Sales": null, "Week": "2014-03-16T00:00:00"}, {"Marketing cost": null, "Operational cost": null, "Sales": null, "Week": "2014-03-23T00:00:00"}, {"Marketing cost": null, "Operational cost": null, "Sales": null, "Week": "2014-03-30T00:00:00"}, {"Marketing cost": null, "Operational cost": null, "Sales": null, "Week": "2014-04-06T00:00:00"}, {"Marketing cost": null, "Operational cost": null, "Sales": null, "Week": "2014-04-13T00:00:00"}, {"Marketing cost": null, "Operational cost": null, "Sales": null, "Week": "2014-04-20T00:00:00"}, {"Marketing cost": null, "Operational cost": null, "Sales": null, "Week": "2014-04-27T00:00:00"}, {"Marketing cost": null, "Operational cost": null, "Sales": null, "Week": "2014-05-04T00:00:00"}, {"Marketing cost": null, "Operational cost": null, "Sales": null, "Week": "2014-05-11T00:00:00"}, {"Marketing cost": null, "Operational cost": null, "Sales": null, "Week": "2014-05-18T00:00:00"}, {"Marketing cost": null, "Operational cost": null, "Sales": null, "Week": "2014-05-25T00:00:00"}, {"Marketing cost": null, "Operational cost": null, "Sales": null, "Week": "2014-06-01T00:00:00"}, {"Marketing cost": null, "Operational cost": null, "Sales": null, "Week": "2014-06-08T00:00:00"}, {"Marketing cost": null, "Operational cost": null, "Sales": null, "Week": "2014-06-15T00:00:00"}, {"Marketing cost": null, "Operational cost": null, "Sales": null, "Week": "2014-06-22T00:00:00"}, {"Marketing cost": null, "Operational cost": null, "Sales": null, "Week": "2014-06-29T00:00:00"}, {"Marketing cost": null, "Operational cost": null, "Sales": null, "Week": "2014-07-06T00:00:00"}, {"Marketing cost": null, "Operational cost": null, "Sales": null, "Week": "2014-07-13T00:00:00"}, {"Marketing cost": null, "Operational cost": null, "Sales": null, "Week": "2014-07-20T00:00:00"}, {"Marketing cost": null, "Operational cost": null, "Sales": null, "Week": "2014-07-27T00:00:00"}, {"Marketing cost": null, "Operational cost": null, "Sales": null, "Week": "2014-08-03T00:00:00"}, {"Marketing cost": null, "Operational cost": null, "Sales": null, "Week": "2014-08-10T00:00:00"}, {"Marketing cost": null, "Operational cost": null, "Sales": null, "Week": "2014-08-17T00:00:00"}, {"Marketing cost": null, "Operational cost": null, "Sales": null, "Week": "2014-08-24T00:00:00"}, {"Marketing cost": null, "Operational cost": null, "Sales": null, "Week": "2014-08-31T00:00:00"}, {"Marketing cost": null, "Operational cost": null, "Sales": null, "Week": "2014-09-07T00:00:00"}, {"Marketing cost": null, "Operational cost": null, "Sales": null, "Week": "2014-09-14T00:00:00"}, {"Marketing cost": null, "Operational cost": null, "Sales": null, "Week": "2014-09-21T00:00:00"}, {"Marketing cost": null, "Operational cost": null, "Sales": null, "Week": "2014-09-28T00:00:00"}, {"Marketing cost": null, "Operational cost": null, "Sales": null, "Week": "2014-10-05T00:00:00"}, {"Marketing cost": null, "Operational cost": null, "Sales": null, "Week": "2014-10-12T00:00:00"}, {"Marketing cost": null, "Operational cost": null, "Sales": null, "Week": "2014-10-19T00:00:00"}, {"Marketing cost": null, "Operational cost": null, "Sales": null, "Week": "2014-10-26T00:00:00"}, {"Marketing cost": null, "Operational cost": null, "Sales": null, "Week": "2014-11-02T00:00:00"}, {"Marketing cost": null, "Operational cost": null, "Sales": null, "Week": "2014-11-09T00:00:00"}, {"Marketing cost": null, "Operational cost": null, "Sales": null, "Week": "2014-11-16T00:00:00"}, {"Marketing cost": null, "Operational cost": null, "Sales": null, "Week": "2014-11-23T00:00:00"}, {"Marketing cost": null, "Operational cost": null, "Sales": null, "Week": "2014-11-30T00:00:00"}, {"Marketing cost": null, "Operational cost": null, "Sales": null, "Week": "2014-12-07T00:00:00"}, {"Marketing cost": null, "Operational cost": null, "Sales": null, "Week": "2014-12-14T00:00:00"}, {"Marketing cost": null, "Operational cost": null, "Sales": null, "Week": "2014-12-21T00:00:00"}, {"Marketing cost": null, "Operational cost": null, "Sales": null, "Week": "2014-12-28T00:00:00"}, {"Marketing cost": null, "Operational cost": null, "Sales": null, "Week": "2014-01-05T00:00:00"}, {"Marketing cost": null, "Operational cost": null, "Sales": null, "Week": "2014-01-12T00:00:00"}, {"Marketing cost": null, "Operational cost": null, "Sales": null, "Week": "2014-01-19T00:00:00"}, {"Marketing cost": null, "Operational cost": null, "Sales": null, "Week": "2014-01-26T00:00:00"}, {"Marketing cost": null, "Operational cost": null, "Sales": null, "Week": "2014-02-02T00:00:00"}, {"Marketing cost": null, "Operational cost": null, "Sales": null, "Week": "2014-02-09T00:00:00"}, {"Marketing cost": null, "Operational cost": null, "Sales": null, "Week": "2014-02-16T00:00:00"}, {"Marketing cost": null, "Operational cost": null, "Sales": null, "Week": "2014-02-23T00:00:00"}, {"Marketing cost": null, "Operational cost": null, "Sales": null, "Week": "2014-03-02T00:00:00"}, {"Marketing cost": null, "Operational cost": null, "Sales": null, "Week": "2014-03-09T00:00:00"}, {"Marketing cost": null, "Operational cost": null, "Sales": null, "Week": "2014-03-16T00:00:00"}, {"Marketing cost": null, "Operational cost": null, "Sales": null, "Week": "2014-03-23T00:00:00"}, {"Marketing cost": null, "Operational cost": null, "Sales": null, "Week": "2014-03-30T00:00:00"}, {"Marketing cost": null, "Operational cost": null, "Sales": null, "Week": "2014-04-06T00:00:00"}, {"Marketing cost": null, "Operational cost": null, "Sales": null, "Week": "2014-04-13T00:00:00"}, {"Marketing cost": null, "Operational cost": null, "Sales": null, "Week": "2014-04-20T00:00:00"}, {"Marketing cost": null, "Operational cost": null, "Sales": null, "Week": "2014-04-27T00:00:00"}, {"Marketing cost": null, "Operational cost": null, "Sales": null, "Week": "2014-05-04T00:00:00"}, {"Marketing cost": null, "Operational cost": null, "Sales": null, "Week": "2014-05-11T00:00:00"}, {"Marketing cost": null, "Operational cost": null, "Sales": null, "Week": "2014-05-18T00:00:00"}, {"Marketing cost": null, "Operational cost": null, "Sales": null, "Week": "2014-05-25T00:00:00"}, {"Marketing cost": null, "Operational cost": null, "Sales": null, "Week": "2014-06-01T00:00:00"}, {"Marketing cost": null, "Operational cost": null, "Sales": null, "Week": "2014-06-08T00:00:00"}, {"Marketing cost": null, "Operational cost": null, "Sales": null, "Week": "2014-06-15T00:00:00"}, {"Marketing cost": null, "Operational cost": null, "Sales": null, "Week": "2014-06-22T00:00:00"}, {"Marketing cost": null, "Operational cost": null, "Sales": null, "Week": "2014-06-29T00:00:00"}, {"Marketing cost": null, "Operational cost": null, "Sales": null, "Week": "2014-07-06T00:00:00"}, {"Marketing cost": null, "Operational cost": null, "Sales": null, "Week": "2014-07-13T00:00:00"}, {"Marketing cost": null, "Operational cost": null, "Sales": null, "Week": "2014-07-20T00:00:00"}, {"Marketing cost": null, "Operational cost": null, "Sales": null, "Week": "2014-07-27T00:00:00"}, {"Marketing cost": null, "Operational cost": null, "Sales": null, "Week": "2014-08-03T00:00:00"}, {"Marketing cost": null, "Operational cost": null, "Sales": null, "Week": "2014-08-10T00:00:00"}, {"Marketing cost": null, "Operational cost": null, "Sales": null, "Week": "2014-08-17T00:00:00"}, {"Marketing cost": null, "Operational cost": null, "Sales": null, "Week": "2014-08-24T00:00:00"}, {"Marketing cost": null, "Operational cost": null, "Sales": null, "Week": "2014-08-31T00:00:00"}, {"Marketing cost": null, "Operational cost": null, "Sales": null, "Week": "2014-09-07T00:00:00"}, {"Marketing cost": null, "Operational cost": null, "Sales": null, "Week": "2014-09-14T00:00:00"}, {"Marketing cost": null, "Operational cost": null, "Sales": null, "Week": "2014-09-21T00:00:00"}, {"Marketing cost": null, "Operational cost": null, "Sales": null, "Week": "2014-09-28T00:00:00"}, {"Marketing cost": null, "Operational cost": null, "Sales": null, "Week": "2014-10-05T00:00:00"}, {"Marketing cost": null, "Operational cost": null, "Sales": null, "Week": "2014-10-12T00:00:00"}, {"Marketing cost": null, "Operational cost": null, "Sales": null, "Week": "2014-10-19T00:00:00"}, {"Marketing cost": null, "Operational cost": null, "Sales": null, "Week": "2014-10-26T00:00:00"}, {"Marketing cost": null, "Operational cost": null, "Sales": null, "Week": "2014-11-02T00:00:00"}, {"Marketing cost": null, "Operational cost": null, "Sales": null, "Week": "2014-11-09T00:00:00"}, {"Marketing cost": null, "Operational cost": null, "Sales": null, "Week": "2014-11-16T00:00:00"}, {"Marketing cost": null, "Operational cost": null, "Sales": null, "Week": "2014-11-23T00:00:00"}, {"Marketing cost": null, "Operational cost": null, "Sales": null, "Week": "2014-11-30T00:00:00"}, {"Marketing cost": null, "Operational cost": null, "Sales": null, "Week": "2014-12-07T00:00:00"}, {"Marketing cost": null, "Operational cost": null, "Sales": null, "Week": "2014-12-14T00:00:00"}, {"Marketing cost": null, "Operational cost": null, "Sales": null, "Week": "2014-12-21T00:00:00"}, {"Marketing cost": null, "Operational cost": null, "Sales": null, "Week": "2014-12-28T00:00:00"}, {"Marketing cost": 88.00, "Operational cost": 88.00, "Sales": 9237.00, "Week": "2014-10-08T00:00:00"}, {"Marketing cost": 16.64, "Operational cost": 88.00, "Sales": 4795.87, "Week": "2014-10-15T00:00:00"}, {"Marketing cost": 85.78, "Operational cost": 88.00, "Sales": 3061.73, "Week": "2014-10-22T00:00:00"}, {"Marketing cost": 47.61, "Operational cost": 88.00, "Sales": 591.76, "Week": "2014-10-29T00:00:00"}, {"Marketing cost": 43.53, "Operational cost": 88.00, "Sales": 3134.40, "Week": "2014-11-05T00:00:00"}, {"Marketing cost": 45.59, "Operational cost": 88.00, "Sales": 905.27, "Week": "2014-11-12T00:00:00"}, {"Marketing cost": 43.57, "Operational cost": 88.00, "Sales": 508.07, "Week": "2014-11-19T00:00:00"}, {"Marketing cost": 47.92, "Operational cost": 88.00, "Sales": 532.74, "Week": "2014-11-26T00:00:00"}, {"Marketing cost": 33.48, "Operational cost": 88.00, "Sales": 5001.77, "Week": "2014-12-03T00:00:00"}, {"Marketing cost": 9.80, "Operational cost": 88.00, "Sales": 7119.00, "Week": "2014-12-10T00:00:00"}, {"Marketing cost": 40.27, "Operational cost": 88.00, "Sales": 6239.27, "Week": "2014-12-17T00:00:00"}, {"Marketing cost": 29.12, "Operational cost": 88.00, "Sales": 1363.91, "Week": "2014-12-24T00:00:00"}, {"Marketing cost": 36.03, "Operational cost": 88.00, "Sales": 6912.23, "Week": "2014-12-31T00:00:00"}, {"Marketing cost": 88.00, "Operational cost": 88.00, "Sales": 9237.00, "Week": "2014-10-08T00:00:00"}, {"Marketing cost": 23.30, "Operational cost": 88.00, "Sales": 2849.26, "Week": "2014-10-15T00:00:00"}, {"Marketing cost": 9.13, "Operational cost": 88.00, "Sales": 1305.64, "Week": "2014-10-22T00:00:00"}, {"Marketing cost": 20.42, "Operational cost": 88.00, "Sales": 4224.16, "Week": "2014-10-29T00:00:00"}, {"Marketing cost": 57.76, "Operational cost": 88.00, "Sales": 3093.29, "Week": "2014-11-05T00:00:00"}, {"Marketing cost": 15.38, "Operational cost": 88.00, "Sales": 1689.83, "Week": "2014-11-12T00:00:00"}, {"Marketing cost": 64.73, "Operational cost": 88.00, "Sales": 7363.93, "Week": "2014-11-19T00:00:00"}, {"Marketing cost": 27.96, "Operational cost": 88.00, "Sales": 2071.50, "Week": "2014-11-26T00:00:00"}, {"Marketing cost": 64.32, "Operational cost": 88.00, "Sales": 4755.60, "Week": "2014-12-03T00:00:00"}, {"Marketing cost": 85.92, "Operational cost": 88.00, "Sales": 6455.72, "Week": "2014-12-10T00:00:00"}, {"Marketing cost": 5.77, "Operational cost": 88.00, "Sales": 5209.33, "Week": "2014-12-17T00:00:00"}, {"Marketing cost": 38.69, "Operational cost": 88.00, "Sales": 639.05, "Week": "2014-12-24T00:00:00"}, {"Marketing cost": 33.92, "Operational cost": 88.00, "Sales": 4405.20, "Week": "2014-12-31T00:00:00"}, {"Marketing cost": 88.00, "Operational cost": 88.00, "Sales": 9237.00, "Week": "2014-10-08T00:00:00"}, {"Marketing cost": 23.30, "Operational cost": 88.00, "Sales": 2849.26, "Week": "2014-10-15T00:00:00"}, {"Marketing cost": 9.13, "Operational cost": 88.00, "Sales": 1305.64, "Week": "2014-10-22T00:00:00"}, {"Marketing cost": 20.42, "Operational cost": 88.00, "Sales": 4224.16, "Week": "2014-10-29T00:00:00"}, {"Marketing cost": 57.76, "Operational cost": 88.00, "Sales": 3093.29, "Week": "2014-11-05T00:00:00"}, {"Marketing cost": 15.38, "Operational cost": 88.00, "Sales": 1689.83, "Week": "2014-11-12T00:00:00"}, {"Marketing cost": 64.73, "Operational cost": 88.00, "Sales": 7363.93, "Week": "2014-11-19T00:00:00"}, {"Marketing cost": 27.96, "Operational cost": 88.00, "Sales": 2071.50, "Week": "2014-11-26T00:00:00"}, {"Marketing cost": 64.32, "Operational cost": 88.00, "Sales": 4755.60, "Week": "2014-12-03T00:00:00"}, {"Marketing cost": 85.92, "Operational cost": 88.00, "Sales": 6455.72, "Week": "2014-12-10T00:00:00"}, {"Marketing cost": 5.77, "Operational cost": 88.00, "Sales": 5209.33, "Week": "2014-12-17T00:00:00"}, {"Marketing cost": 38.69, "Operational cost": 88.00, "Sales": 639.05, "Week": "2014-12-24T00:00:00"}, {"Marketing cost": 33.92, "Operational cost": 88.00, "Sales": 4405.20, "Week": "2014-12-31T00:00:00"}],"y_axis":"Sales","x_axis":["Week","Operational cost","Marketing cost"],"Model_name":"Sales Model","Model_type":"linear_reg","TimeStamp":"Week","start_time":"2015-01-01T00:00:00","end_time":"2016-12-31T00:00:00"}